<?xml version="1.0" encoding="UTF-8"?>
<!DOCTYPE html PUBLIC "-//W3C//DTD XHTML 1.0 Transitional//EN"
    "http://www.w3.org/TR/xhtml1/DTD/xhtml1-transitional.dtd">
<html xmlns="http://www.w3.org/1999/xhtml" xml:lang="en" lang="en">
 <head>
  <title>
</title>
<meta http-equiv="Content-Type" content="text/html;charset=utf-8" />
  <meta name='ocr-system' content='tesseract 3.04.00' />
  <meta name='ocr-capabilities' content='ocr_page ocr_carea ocr_par ocr_line ocrx_word'/>
</head>
<body>
  <div class='ocr_page' id='page_1' title='image "./justivondeliijo00reesgoog_0080.png"; bbox 0 0 4325 5495; ppageno 0'>
   <div class='ocr_carea' id='block_1_1' title="bbox 960 502 2932 637">
    <p class='ocr_par' dir='ltr' id='par_1_1' title="bbox 960 502 2932 637">
     <span class='ocr_line' id='line_1_1' title="bbox 960 502 2932 637; baseline 0.007 -56"><span class='ocrx_word' id='word_1_1' title='bbox 960 513 1080 611; x_wconf 60' lang='grc'><strong>,56</strong></span> <span class='ocrx_word' id='word_1_2' title='bbox 1740 502 2932 637; x_wconf 74' lang='lat' dir='ltr'><em>JOANNIDOS</em></span> 
     </span>
    </p>
   </div>
   <div class='ocr_carea' id='block_1_2' title="bbox 1024 693 3672 4217">
    <p class='ocr_par' dir='ltr' id='par_1_2' title="bbox 1232 693 3564 1287">
     <span class='ocr_line' id='line_1_2' title="bbox 1247 693 3238 806; baseline 0.003 -27"><span class='ocrx_word' id='word_1_3' title='bbox 1247 693 1498 780; x_wconf 81' lang='lat' dir='ltr'>Alter</span> <span class='ocrx_word' id='word_1_4' title='bbox 1556 693 1898 791; x_wconf 60' lang='lat' dir='ltr'><strong>laetitiin</strong></span> <span class='ocrx_word' id='word_1_5' title='bbox 1961 699 2248 782; x_wconf 89' lang='lat' dir='ltr'><strong>tremit</strong></span> <span class='ocrx_word' id='word_1_6' title='bbox 2298 694 2445 782; x_wconf 88' lang='lat' dir='ltr'><strong>iste</strong></span> <span class='ocrx_word' id='word_1_7' title='bbox 2492 720 2850 806; x_wconf 88' lang='lat' dir='ltr'><strong>pavore,</strong></span> <span class='ocrx_word' id='word_1_8' title='bbox 2895 696 3238 785; x_wconf 90' lang='lat' dir='ltr'><strong>suorum</strong></span> 
     </span>
     <span class='ocr_line' id='line_1_3' title="bbox 1232 854 3405 971; baseline 0.004 -29"><span class='ocrx_word' id='word_1_9' title='bbox 1232 856 1654 944; x_wconf 73' lang='lat' dir='ltr'>Conscius</span> <span class='ocrx_word' id='word_1_10' title='bbox 1704 883 2111 944; x_wconf 90' lang='lat' dir='ltr'><strong>errorum.</strong></span> <span class='ocrx_word' id='word_1_11' title='bbox 2227 854 2522 963; x_wconf 86' lang='lat' dir='ltr'><strong>Veluti</strong></span> <span class='ocrx_word' id='word_1_12' title='bbox 2573 855 2653 939; x_wconf 90' lang='lat' dir='ltr'><strong>se</strong></span> <span class='ocrx_word' id='word_1_13' title='bbox 2703 859 2944 945; x_wconf 72' lang='lat' dir='ltr'><strong>mane</strong></span> <span class='ocrx_word' id='word_1_14' title='bbox 2993 866 3350 965; x_wconf 82' lang='lat' dir='ltr'><strong>colonus</strong></span> <span class='ocrx_word' id='word_1_15' title='bbox 3395 963 3405 971; x_wconf 43' lang='grc'>,</span> 
     </span>
     <span class='ocr_line' id='line_1_4' title="bbox 1243 1016 3564 1140; baseline 0.006 -37"><span class='ocrx_word' id='word_1_16' title='bbox 1243 1017 1570 1104; x_wconf 88' lang='lat' dir='ltr'>Instruit</span> <span class='ocrx_word' id='word_1_17' title='bbox 1602 1041 1998 1125; x_wconf 89' lang='lat' dir='ltr'><strong>agrorum</strong></span> <span class='ocrx_word' id='word_1_18' title='bbox 2029 1018 2138 1102; x_wconf 87' lang='lat' dir='ltr'><strong>ad</strong></span> <span class='ocrx_word' id='word_1_19' title='bbox 2171 1019 2534 1115; x_wconf 87' lang='lat' dir='ltr'><strong>cultum,</strong></span> <span class='ocrx_word' id='word_1_20' title='bbox 2599 1020 2684 1101; x_wconf 75' lang='grc' dir='ltr'><strong>δε</strong></span> <span class='ocrx_word' id='word_1_21' title='bbox 2709 1016 2906 1127; x_wconf 86' lang='lat' dir='ltr'><strong>juga</strong></span> <span class='ocrx_word' id='word_1_22' title='bbox 2936 1022 3263 1110; x_wconf 87' lang='lat' dir='ltr'><strong>sedulus</strong></span> <span class='ocrx_word' id='word_1_23' title='bbox 3303 1025 3564 1140; x_wconf 75' lang='lat' dir='ltr'><strong>additj</strong></span> 
     </span>
     <span class='ocr_line' id='line_1_5' title="bbox 1247 1177 3111 1287; baseline 0.002 -22"><span class='ocrx_word' id='word_1_24' title='bbox 1247 1179 1532 1266; x_wconf 83' lang='lat' dir='ltr'><strong>Bobus</strong></span> <span class='ocrx_word' id='word_1_25' title='bbox 1596 1178 1984 1263; x_wconf 76' lang='lat' dir='ltr'><strong>araturis:</strong></span> <span class='ocrx_word' id='word_1_26' title='bbox 2044 1177 2295 1263; x_wconf 72' lang='lat' dir='ltr'><strong>:fimili</strong></span> <span class='ocrx_word' id='word_1_27' title='bbox 2356 1179 2440 1263; x_wconf 89' lang='lat' dir='ltr'><strong>se</strong></span> <span class='ocrx_word' id='word_1_28' title='bbox 2487 1201 2724 1262; x_wconf 76' lang='lat' dir='ltr'><strong>more</strong></span> <span class='ocrx_word' id='word_1_29' title='bbox 2748 1178 3111 1287; x_wconf 85' lang='lat' dir='ltr'><strong>Joannes</strong></span> 
     </span>
    </p>

    <p class='ocr_par' dir='ltr' id='par_1_3' title="bbox 1024 1339 3648 2104">
     <span class='ocr_line' id='line_1_6' title="bbox 1024 1339 3483 1458; baseline -0.004 -27"><span class='ocrx_word' id='word_1_30' title='bbox 1024 1375 1167 1433; x_wconf 63' lang='grc' dir='ltr'><strong>ιο.</strong></span> <span class='ocrx_word' id='word_1_31' title='bbox 1250 1344 1559 1454; x_wconf 86' lang='lat' dir='ltr'><strong>Aptat;</strong></span> <span class='ocrx_word' id='word_1_32' title='bbox 1609 1361 1705 1425; x_wconf 88' lang='lat' dir='ltr'><strong>ut</strong></span> <span class='ocrx_word' id='word_1_33' title='bbox 1736 1339 2080 1425; x_wconf 85' lang='lat' dir='ltr'><strong>humani</strong></span> <span class='ocrx_word' id='word_1_34' title='bbox 2115 1339 2742 1426; x_wconf 84' lang='lat' dir='ltr'><strong>horrescentem</strong></span> <span class='ocrx_word' id='word_1_35' title='bbox 2787 1340 3149 1457; x_wconf 67' lang='lat' dir='ltr'><strong>pefioris</strong></span> <span class='ocrx_word' id='word_1_36' title='bbox 3187 1372 3483 1458; x_wconf 78' lang='lat' dir='ltr'><strong>agrum</strong></span> 
     </span>
     <span class='ocr_line' id='line_1_7' title="bbox 1246 1499 3486 1616; baseline 0.003 -26"><span class='ocrx_word' id='word_1_37' title='bbox 1246 1499 1710 1616; x_wconf 78' lang='lat' dir='ltr'><strong>vepribus,</strong></span> <span class='ocrx_word' id='word_1_38' title='bbox 1766 1528 1861 1586; x_wconf 88' lang='lat' dir='ltr'><strong>ac</strong></span> <span class='ocrx_word' id='word_1_39' title='bbox 1907 1501 2154 1613; x_wconf 75' lang='lat' dir='ltr'><strong>spInis</strong></span> <span class='ocrx_word' id='word_1_40' title='bbox 2181 1500 2659 1614; x_wconf 81' lang='lat' dir='ltr'>proscindat</span> <span class='ocrx_word' id='word_1_41' title='bbox 2693 1530 3079 1605; x_wconf 81' lang='lat' dir='ltr'><strong>vomere,</strong></span> <span class='ocrx_word' id='word_1_42' title='bbox 3111 1507 3199 1594; x_wconf 86' lang='lat'>&amp;</span> <span class='ocrx_word' id='word_1_43' title='bbox 3232 1515 3486 1614; x_wconf 71' lang='lat' dir='ltr'><strong>occa,</strong></span> 
     </span>
     <span class='ocr_line' id='line_1_8' title="bbox 1237 1630 3572 1778; baseline 0.002 -26"><span class='ocrx_word' id='word_1_44' title='bbox 1237 1665 1691 1778; x_wconf 75' lang='lat' dir='ltr'><strong>Noxiaque</strong></span> <span class='ocrx_word' id='word_1_45' title='bbox 1753 1662 2050 1748; x_wconf 89' lang='lat' dir='ltr'><strong>evellat</strong></span> <span class='ocrx_word' id='word_1_46' title='bbox 2115 1640 2455 1749; x_wconf 70' lang='lat' dir='ltr'><strong>caelestis</strong></span> <span class='ocrx_word' id='word_1_47' title='bbox 2527 1642 2909 1749; x_wconf 87' lang='lat' dir='ltr'><strong>acumine</strong></span> <span class='ocrx_word' id='word_1_48' title='bbox 2972 1668 3250 1755; x_wconf 79' lang='lat' dir='ltr'><strong>verbi:</strong></span> <span class='ocrx_word' id='word_1_49' title='bbox 3558 1630 3572 1659; x_wconf 29' lang='grc' dir='ltr'><em>ἶ</em></span> 
     </span>
     <span class='ocr_line' id='line_1_9' title="bbox 1239 1826 3163 1936; baseline 0 -21"><span class='ocrx_word' id='word_1_50' title='bbox 1239 1826 1660 1915; x_wconf 87' lang='lat' dir='ltr'><strong>Exsuccas</strong></span> <span class='ocrx_word' id='word_1_51' title='bbox 1706 1826 2013 1909; x_wconf 88' lang='lat' dir='ltr'><strong>animas</strong></span> <span class='ocrx_word' id='word_1_52' title='bbox 2057 1849 2390 1910; x_wconf 88' lang='lat' dir='ltr'><strong>morum</strong></span> <span class='ocrx_word' id='word_1_53' title='bbox 2423 1826 2842 1936; x_wconf 88' lang='lat' dir='ltr'><strong>probitate</strong></span> <span class='ocrx_word' id='word_1_54' title='bbox 2873 1827 3163 1915; x_wconf 71' lang='lat' dir='ltr'><strong>severa</strong></span> 
     </span>
     <span class='ocr_line' id='line_1_10' title="bbox 1234 1986 3554 2104; baseline 0.003 -27"><span class='ocrx_word' id='word_1_55' title='bbox 1234 1991 1756 2104; x_wconf 75' lang='lat' dir='ltr'><strong>1mp&#39;inguet,</strong></span> <span class='ocrx_word' id='word_1_56' title='bbox 1812 1986 2283 2098; x_wconf 77' lang='lat' dir='ltr'><strong>squalorem</strong></span> <span class='ocrx_word' id='word_1_57' title='bbox 2348 1986 2434 2072; x_wconf 75' lang='grc' dir='ltr'><strong>δε</strong></span> <span class='ocrx_word' id='word_1_58' title='bbox 2495 1990 2876 2099; x_wconf 86' lang='lat' dir='ltr'><strong>corporis</strong></span> <span class='ocrx_word' id='word_1_59' title='bbox 2928 1991 3222 2101; x_wconf 83' lang='lat' dir='ltr'><strong>irriget</strong></span> <span class='ocrx_word' id='word_1_60' title='bbox 3274 1995 3554 2102; x_wconf 70' lang='lat' dir='ltr'><strong>unda,&#39;</strong></span> 
     </span>
    </p>

    <p class='ocr_par' dir='ltr' id='par_1_4' title="bbox 1030 2140 3482 2914">
     <span class='ocr_line' id='line_1_11' title="bbox 1030 2140 3482 2269; baseline 0.001 -27"><span class='ocrx_word' id='word_1_61' title='bbox 1030 2184 1173 2266; x_wconf 83' lang='lat'><strong>25.</strong></span> <span class='ocrx_word' id='word_1_62' title='bbox 1248 2154 1347 2240; x_wconf 87' lang='lat' dir='ltr'><strong>In</strong></span> <span class='ocrx_word' id='word_1_63' title='bbox 1394 2152 1740 2241; x_wconf 74' lang='lat' dir='ltr'><strong>Domini</strong></span> <span class='ocrx_word' id='word_1_64' title='bbox 1785 2140 2322 2264; x_wconf 77' lang='lat' dir='ltr'><strong>obsequium3</strong></span> <span class='ocrx_word' id='word_1_65' title='bbox 2386 2149 2664 2234; x_wconf 85' lang='lat' dir='ltr'><strong>semen</strong></span> <span class='ocrx_word' id='word_1_66' title='bbox 2718 2153 2896 2265; x_wconf 72' lang='lat' dir='ltr'><strong>qua</strong></span> <span class='ocrx_word' id='word_1_67' title='bbox 2959 2155 3120 2239; x_wconf 77' lang='lat' dir='ltr'><strong>rite</strong></span> <span class='ocrx_word' id='word_1_68' title='bbox 3181 2161 3482 2269; x_wconf 82' lang='lat' dir='ltr'><strong>paratis</strong></span> 
     </span>
     <span class='ocr_line' id='line_1_12' title="bbox 1244 2310 3393 2420; baseline 0.001 -16"><span class='ocrx_word' id='word_1_69' title='bbox 1244 2315 1595 2404; x_wconf 84' lang='lat' dir='ltr'><strong>Inferat:</strong></span> <span class='ocrx_word' id='word_1_70' title='bbox 1653 2331 1792 2411; x_wconf 89' lang='lat' dir='ltr'><strong>ut,</strong></span> <span class='ocrx_word' id='word_1_71' title='bbox 1832 2311 2066 2395; x_wconf 89' lang='lat' dir='ltr'><strong>fimul</strong></span> <span class='ocrx_word' id='word_1_72' title='bbox 2111 2339 2212 2395; x_wconf 88' lang='lat' dir='ltr'><strong>ac</strong></span> <span class='ocrx_word' id='word_1_73' title='bbox 2262 2313 2544 2398; x_wconf 89' lang='lat' dir='ltr'><strong>veniet</strong></span> <span class='ocrx_word' id='word_1_74' title='bbox 2594 2310 3001 2400; x_wconf 83' lang='lat' dir='ltr'><strong>Poss&#39;effor</strong></span> <span class='ocrx_word' id='word_1_75' title='bbox 3061 2318 3393 2420; x_wconf 75' lang='lat' dir='ltr'><strong>herilis,</strong></span> 
     </span>
     <span class='ocr_line' id='line_1_13' title="bbox 1241 2472 3144 2573; baseline -0.001 -9"><span class='ocrx_word' id='word_1_76' title='bbox 1241 2477 1651 2564; x_wconf 85' lang='lat' dir='ltr'><strong>Mortales</strong></span> <span class='ocrx_word' id='word_1_77' title='bbox 1698 2472 1950 2560; x_wconf 82' lang='lat' dir='ltr'><strong>sterili</strong></span> <span class='ocrx_word' id='word_1_78' title='bbox 1997 2472 2290 2557; x_wconf 89' lang='lat' dir='ltr'><strong>fimiles</strong></span> <span class='ocrx_word' id='word_1_79' title='bbox 2338 2495 2626 2573; x_wconf 81' lang='lat' dir='ltr'><strong>terrae,</strong></span> <span class='ocrx_word' id='word_1_80' title='bbox 2674 2501 2772 2559; x_wconf 87' lang='lat' dir='ltr'><strong>ae</strong></span> <span class='ocrx_word' id='word_1_81' title='bbox 2837 2475 3144 2562; x_wconf 86' lang='lat' dir='ltr'><strong>fitienti</strong></span> 
     </span>
     <span class='ocr_line' id='line_1_14' title="bbox 1242 2633 3378 2741; baseline -0.003 -10"><span class='ocrx_word' id='word_1_82' title='bbox 1242 2643 1636 2736; x_wconf 78' lang='lat' dir='ltr'><strong>Deserto,</strong></span> <span class='ocrx_word' id='word_1_83' title='bbox 1700 2635 2061 2721; x_wconf 83' lang='lat' dir='ltr'><strong>viridans</strong></span> <span class='ocrx_word' id='word_1_84' title='bbox 2102 2633 2377 2721; x_wconf 79' lang='lat' dir='ltr'><strong>subito</strong></span> <span class='ocrx_word' id='word_1_85' title='bbox 2424 2654 2859 2721; x_wconf 88' lang='lat' dir='ltr'><strong>mutentur</strong></span> <span class='ocrx_word' id='word_1_86' title='bbox 2908 2638 2996 2721; x_wconf 88' lang='lat' dir='ltr'><strong>in</strong></span> <span class='ocrx_word' id='word_1_87' title='bbox 3046 2638 3378 2741; x_wconf 58' lang='lat' dir='ltr'><strong>Eden,</strong></span> 
     </span>
     <span class='ocr_line' id='line_1_15' title="bbox 1232 2796 3290 2914; baseline -0.002 -22"><span class='ocrx_word' id='word_1_88' title='bbox 1232 2805 1335 2892; x_wconf 73' lang='lat' dir='ltr'><strong>In</strong></span> <span class='ocrx_word' id='word_1_89' title='bbox 1379 2801 1718 2896; x_wconf 85' lang='lat' dir='ltr'><strong>coeleste</strong></span> <span class='ocrx_word' id='word_1_90' title='bbox 1766 2796 2051 2897; x_wconf 81' lang='lat' dir='ltr'><strong>Eden,</strong></span> <span class='ocrx_word' id='word_1_91' title='bbox 2101 2799 2188 2882; x_wconf 89' lang='lat' dir='ltr'><strong>in</strong></span> <span class='ocrx_word' id='word_1_92' title='bbox 2223 2828 2406 2914; x_wconf 84' lang='lat' dir='ltr'><strong>quo</strong></span> <span class='ocrx_word' id='word_1_93' title='bbox 2443 2798 2920 2886; x_wconf 81' lang='lat' dir='ltr'><strong>venerabile</strong></span> <span class='ocrx_word' id='word_1_94' title='bbox 2951 2801 3290 2887; x_wconf 88' lang='lat' dir='ltr'><strong>Numen</strong></span> 
     </span>
    </p>

    <p class='ocr_par' dir='ltr' id='par_1_5' title="bbox 1034 2961 3672 3400">
     <span class='ocr_line' id='line_1_16' title="bbox 1034 2961 3248 3084; baseline 0.001 -38"><span class='ocrx_word' id='word_1_95' title='bbox 1034 3001 1166 3074; x_wconf 81' lang='lat'><strong>30,</strong></span> <span class='ocrx_word' id='word_1_96' title='bbox 1242 2967 1594 3084; x_wconf 82' lang='lat' dir='ltr'><strong>Semper</strong></span> <span class='ocrx_word' id='word_1_97' title='bbox 1686 2961 2076 3048; x_wconf 88' lang='lat' dir='ltr'><strong>adoretur</strong></span> <span class='ocrx_word' id='word_1_98' title='bbox 2152 2964 2382 3050; x_wconf 65' lang='lat' dir='ltr'><strong>reeta</strong></span> <span class='ocrx_word' id='word_1_99' title='bbox 2457 2966 2825 3074; x_wconf 84' lang='lat' dir='ltr'><strong>pietate;</strong></span> <span class='ocrx_word' id='word_1_100' title='bbox 2921 2987 3248 3050; x_wconf 80' lang='lat' dir='ltr'><strong>creatus</strong></span> 
     </span>
     <span class='ocr_line' id='line_1_17' title="bbox 1239 3123 3672 3248; baseline 0.003 -39"><span class='ocrx_word' id='word_1_101' title='bbox 1239 3130 1334 3217; x_wconf 88' lang='lat' dir='ltr'><strong>In</strong></span> <span class='ocrx_word' id='word_1_102' title='bbox 1357 3137 1539 3248; x_wconf 56' lang='lat' dir='ltr'><strong>(qua</strong></span> <span class='ocrx_word' id='word_1_103' title='bbox 1571 3127 1884 3243; x_wconf 74' lang='lat' dir='ltr'><strong>primus</strong></span> <span class='ocrx_word' id='word_1_104' title='bbox 1915 3126 2173 3212; x_wconf 89' lang='lat' dir='ltr'><strong>homo</strong></span> <span class='ocrx_word' id='word_1_105' title='bbox 2216 3125 2384 3226; x_wconf 82' lang='lat' dir='ltr'><strong>est,</strong></span> <span class='ocrx_word' id='word_1_106' title='bbox 2432 3125 2582 3209; x_wconf 87' lang='lat' dir='ltr'><strong>fibi</strong></span> <span class='ocrx_word' id='word_1_107' title='bbox 2605 3123 2912 3209; x_wconf 85' lang='lat' dir='ltr'><strong>tradita</strong></span> <span class='ocrx_word' id='word_1_108' title='bbox 2946 3124 3163 3210; x_wconf 88' lang='lat' dir='ltr'><strong>dona</strong></span> <span class='ocrx_word' id='word_1_109' title='bbox 3195 3127 3672 3239; x_wconf 77' lang='lat' dir='ltr'><strong>priusquam</strong></span> 
     </span>
     <span class='ocr_line' id='line_1_18' title="bbox 1236 3285 3480 3400; baseline -0.002 -20"><span class='ocrx_word' id='word_1_110' title='bbox 1236 3294 1608 3380; x_wconf 86' lang='lat' dir='ltr'><strong>Demens</strong></span> <span class='ocrx_word' id='word_1_111' title='bbox 1645 3286 2160 3397; x_wconf 83' lang='lat' dir='ltr'><strong>negligeret,</strong></span> <span class='ocrx_word' id='word_1_112' title='bbox 2213 3310 2527 3376; x_wconf 87' lang='lat' dir='ltr'><strong>temere</strong></span> <span class='ocrx_word' id='word_1_113' title='bbox 2561 3285 3164 3400; x_wconf 83' lang='lat' dir='ltr'><strong>excideretque</strong></span> <span class='ocrx_word' id='word_1_114' title='bbox 3198 3289 3480 3376; x_wconf 89' lang='lat' dir='ltr'><strong>salute.</strong></span> 
     </span>
    </p>

    <p class='ocr_par' dir='ltr' id='par_1_6' title="bbox 1349 3448 3388 3565">
     <span class='ocr_line' id='line_1_19' title="bbox 1349 3448 3388 3565; baseline -0.002 -24"><span class='ocrx_word' id='word_1_115' title='bbox 1349 3452 1527 3541; x_wconf 87' lang='lat' dir='ltr'><strong>Hic</strong></span> <span class='ocrx_word' id='word_1_116' title='bbox 1574 3450 1866 3565; x_wconf 87' lang='lat' dir='ltr'><strong>populi</strong></span> <span class='ocrx_word' id='word_1_117' title='bbox 1909 3448 2282 3552; x_wconf 67' lang='lat' dir='ltr'><strong>Doctor,</strong></span> <span class='ocrx_word' id='word_1_118' title='bbox 2323 3449 2714 3562; x_wconf 88' lang='lat' dir='ltr'><strong>superato</strong></span> <span class='ocrx_word' id='word_1_119' title='bbox 2767 3452 3091 3536; x_wconf 87' lang='lat' dir='ltr'><strong>vertice</strong></span> <span class='ocrx_word' id='word_1_120' title='bbox 3141 3450 3388 3538; x_wconf 82' lang='lat' dir='ltr'><strong>collis</strong></span> 
     </span>
    </p>

    <p class='ocr_par' dir='ltr' id='par_1_7' title="bbox 1238 3607 3372 3721">
     <span class='ocr_line' id='line_1_20' title="bbox 1238 3607 3372 3721; baseline -0.005 -16"><span class='ocrx_word' id='word_1_121' title='bbox 1238 3615 1505 3705; x_wconf 87' lang='lat' dir='ltr'><strong>Haud</strong></span> <span class='ocrx_word' id='word_1_122' title='bbox 1537 3612 1771 3710; x_wconf 84' lang='lat' dir='ltr'><strong>celfi.</strong></span> <span class='ocrx_word' id='word_1_123' title='bbox 1818 3611 2099 3696; x_wconf 80' lang='lat' dir='ltr'><strong>turbas</strong></span> <span class='ocrx_word' id='word_1_124' title='bbox 2145 3612 2409 3697; x_wconf 87' lang='lat' dir='ltr'><strong>oculis</strong></span> <span class='ocrx_word' id='word_1_125' title='bbox 2442 3607 2920 3721; x_wconf 87' lang='lat' dir='ltr'><strong>perlustrat,</strong></span> <span class='ocrx_word' id='word_1_126' title='bbox 2970 3611 3059 3692; x_wconf 89' lang='lat' dir='ltr'><strong>in</strong></span> <span class='ocrx_word' id='word_1_127' title='bbox 3106 3633 3372 3695; x_wconf 89' lang='lat' dir='ltr'><strong>unum</strong></span> 
     </span>
    </p>

    <p class='ocr_par' dir='ltr' id='par_1_8' title="bbox 1029 3741 3536 4217">
     <span class='ocr_line' id='line_1_21' title="bbox 1029 3741 3462 3891; baseline -0.002 -27"><span class='ocrx_word' id='word_1_128' title='bbox 1029 3770 1071 3886; x_wconf 71' lang='lat'><strong>&#39;3</strong></span> <span class='ocrx_word' id='word_1_129' title='bbox 1085 3814 1162 3888; x_wconf 83' lang='lat'><strong>5.</strong></span> <span class='ocrx_word' id='word_1_130' title='bbox 1233 3780 1634 3891; x_wconf 85' lang='lat' dir='ltr'><strong>Undique</strong></span> <span class='ocrx_word' id='word_1_131' title='bbox 1680 3799 1869 3886; x_wconf 87' lang='lat' dir='ltr'><strong>quae</strong></span> <span class='ocrx_word' id='word_1_132' title='bbox 1898 3780 2252 3860; x_wconf 81' lang='lat' dir='ltr'><strong>coe&#39;unt.</strong></span> <span class='ocrx_word' id='word_1_133' title='bbox 2352 3770 2526 3854; x_wconf 82' lang='lat' dir='ltr'><strong>Illic</strong></span> <span class='ocrx_word' id='word_1_134' title='bbox 2565 3741 2652 3855; x_wconf 69' lang='grc' dir='ltr'><strong>ἅτ</strong></span> <span class='ocrx_word' id='word_1_135' title='bbox 2688 3796 3040 3855; x_wconf 77' lang='lat' dir='ltr'><strong>cernere</strong></span> <span class='ocrx_word' id='word_1_136' title='bbox 3073 3768 3462 3875; x_wconf 83' lang='lat' dir='ltr'><strong>stantem,</strong></span> 
     </span>
     <span class='ocr_line' id='line_1_22' title="bbox 1233 3932 3536 4060; baseline -0.003 -36"><span class='ocrx_word' id='word_1_137' title='bbox 1233 3938 1348 4025; x_wconf 85' lang='lat' dir='ltr'><strong>Et</strong></span> <span class='ocrx_word' id='word_1_138' title='bbox 1377 3937 1705 4052; x_wconf 79' lang='lat' dir='ltr'><strong>poss&#39;unt</strong></span> <span class='ocrx_word' id='word_1_139' title='bbox 1740 3934 2029 4021; x_wconf 90' lang='lat' dir='ltr'><strong>audire</strong></span> <span class='ocrx_word' id='word_1_140' title='bbox 2077 3937 2350 4021; x_wconf 80' lang='lat' dir='ltr'><strong>sonos.</strong></span> <span class='ocrx_word' id='word_1_141' title='bbox 2462 3933 2670 4016; x_wconf 90' lang='lat' dir='ltr'><strong>Sunt</strong></span> <span class='ocrx_word' id='word_1_142' title='bbox 2718 3932 3099 4043; x_wconf 89' lang='lat' dir='ltr'><strong>protinus</strong></span> <span class='ocrx_word' id='word_1_143' title='bbox 3144 3938 3313 4019; x_wconf 69' lang='lat' dir='ltr'><strong>una</strong></span> <span class='ocrx_word' id='word_1_144' title='bbox 3433 3963 3437 3970; x_wconf 90' lang='lat'><strong>·</strong></span> <span class='ocrx_word' id='word_1_145' title='bbox 3529 4046 3536 4060; x_wconf 22' lang='grc' dir='ltr'>ι</span> 
     </span>
     <span class='ocr_line' id='line_1_23' title="bbox 1229 4091 3380 4217; baseline 0 -32"><span class='ocrx_word' id='word_1_146' title='bbox 1229 4098 1409 4207; x_wconf 76' lang='lat' dir='ltr'><strong>Vifi</strong></span> <span class='ocrx_word' id='word_1_147' title='bbox 1458 4123 1745 4186; x_wconf 87' lang='lat' dir='ltr'><strong>omnes</strong></span> <span class='ocrx_word' id='word_1_148' title='bbox 1775 4125 1890 4187; x_wconf 83' lang='lat' dir='ltr'><strong>ex</strong></span> <span class='ocrx_word' id='word_1_149' title='bbox 1917 4101 2093 4189; x_wconf 87' lang='lat' dir='ltr'><strong>imo</strong></span> <span class='ocrx_word' id='word_1_150' title='bbox 2126 4096 2231 4186; x_wconf 86' lang='lat' dir='ltr'><strong>ad</strong></span> <span class='ocrx_word' id='word_1_151' title='bbox 2263 4094 2566 4217; x_wconf 77' lang='lat' dir='ltr'><strong>eollem</strong></span> <span class='ocrx_word' id='word_1_152' title='bbox 2600 4091 3007 4181; x_wconf 86' lang='lat' dir='ltr'><strong>extollere</strong></span> <span class='ocrx_word' id='word_1_153' title='bbox 3038 4120 3380 4185; x_wconf 85' lang='lat' dir='ltr'><strong>vocem:</strong></span> 
     </span>
    </p>
   </div>
   <div class='ocr_carea' id='block_1_3' title="bbox 3426 4238 3661 4367">
    <p class='ocr_par' dir='ltr' id='par_1_9' title="bbox 3426 4238 3661 4367">
     <span class='ocr_line' id='line_1_24' title="bbox 3426 4238 3661 4367; baseline 0 0"><span class='ocrx_word' id='word_1_154' title='bbox 3426 4238 3661 4367; x_wconf 72' lang='lat' dir='ltr'><strong>Dum:</strong></span> 
     </span>
    </p>
   </div>
  </div>
 </body>
</html>
