4325 5495
1013 508 1174 605 136

1015 864 1202 947 590·

1535 498 2935 611 ΔθαΑΝΝΙὯὉκς·
3092 516 3287 597 t.

1272 704 1765 792 ·Advertunt
1836 703 2252 791 Proceres
2318 708 2491 791 vim
2536 704 2740 788 =vini
2810 679 3264 835 incendere
3325 697 3700 812 Regem.

1284 863 1662 981 Spondet
1721 893 2040 980 perque
2095 865 2333 951 suum
2386 865 2609 975 jurat
2685 864 3111 962 diadema,
3184 882 3599 979 caputque

1063 1112 1070 1118 .
1233 1031 1456 1136 [Ex
1508 1030 1862 1116 Oriente
1908 1026 2171 1113 -velut
2225 1026 2508 1137 Reges
2560 1027 2838 1135 jurare
2897 1026 3309 1137 solebant]

1016 1671 1203 1753 595·

1022 2458 1207 2543 600.

1027 3291 1206 3379 605.

1272 1191 1399 1278 Illi
1453 1193 1577 1287 se,
1623 1186 2256 1301 quodcumque
2312 1186 3067 1300 poposceritsipsffi
3126 1189 3565 1276 daturum:
3679 1138 3701 1179 ³

1271 1347 1745 1435 Dimidium
1801 1353 2044 1459 regni
2099 1352 2479 1460 quamvis
2544 1350 2690 1433 fibi
2747 1348 3162 1462 posceret.
3274 1350 3418 1437 Illa

1278 1511 1626 1622 Accipit
1679 1508 1910 1595 hunc
1970 1511 2234 1623 Regis
2290 1513 2706 1597 reverenti
2763 1510 3062 1595 ardore
3096 1510 3499 1604 favorem.

1283 1670 1673 1784 Occupat
1730 1694 1812 1758 at
1870 1672 2151 1761 Mater
2189 1675 2581 1773 verbum,
2640 1673 3172 1788 Gnatamque
3218 1676 3714 1787 prehensam

1281 1837 1374 1924 In
1436 1835 1833 1923 conclave
1893 1836 2194 1932 trahit;
2255 1837 2518 1922 ne-fit
2572 1835 2795 1934 sero,
2859 1834 3052 1920 ante
3125 1866 3527 1951 vaporem

1255 1998 1402 2085 ⁴Et
1453 2000 1724 2113 quam
1780 1996 1978 2083 Rex
2037 1999 2208 2082 vini
2265 1997 2531 2095 efflet,
2596 1997 3026 2084 confilium
3080 2021 3323 2112 optat
3395 2005 3607 2092 inire
3664 2084 3673 2091 .

1283 2161 1507 2247 Cum
1565 2158 1938 2247 Malcho·
2050 2157 2487 2246 Instruitur
2542 2161 3367 2287 monitiswutriusque
3399 2167 3712 2278 puella,

1292 2323 1526 2435 Quid
1584 2322 1816 2435 posci
1852 2323 2285 2433 expediat.
2395 2320 2747 2433 Repetit
2803 2325 3217 2411 caenacula
3272 2348 3480 2417 voto

1290 2484 1606 2572 Oblato
1666 2484 1802 2567 ina
1860 2504 2236 2583 tumens,
2294 2486 2379 2572 &
2434 2483 2671 2568 firma
2724 2488 2937 2570 'voce
2986 2485 3331 2592 Joannis
3405 2580 3411 2595 ⁸

1288 2646 1408 2731 I-nf
1444 2645 1678 2732 disco
1739 2668 1994 2758 caput
2051 2648 2332 2735 afferri
2392 2644 2537 2730 fibi
2598 2644 2978 2759 postulat.
3095 2648 3216 2733 At
3289 2647 3490 2742 Rex

1246 2808 1742 2922 -Obstupuit
1794 2810 2172 2920 gelidus,
2232 2810 2625 2924 totusque
2681 2809 3079 2921 expalluit
3136 2838 3330 2913 ora,

1281 2971 1871 3084 Poenituitque
1930 2999 2166 3059 reum
2219 2973 2550 3084 jurandi
2601 2972 2852 3080 juris;
2903 2974 3001 3059 δε
3061 2976 3230 3061 istis

1283 3128 1658 3243 Virginis
1733 3159 2100 3220 annuere
2173 3137 2475 3245 optatis
2551 3159 2723 3218 non
2778 3159 3042 3243 pauca
3099 3161 3529 3229 morantur

1283 3295 1653 3383 Plurima
1713 3296 2228 3382 volventem.
2346 3291 2609 3381 Haud
2667 3293 2872 3377 verb
2930 3299 3275 3409 pietatis,
3324 3303 3416 3389 id
3468 3330 3718 3415 ergo,

1283 3457 1416 3546 Ne
1455 3458 1621 3542 ‚sed
1680 3458 2028 3554 honoris
2083 3459 2307 3571 apud
2362 3453 2766 3571 populum
2825 3453 3327 3564 decederet,
3410 3471 3716 3579 ingens

1161 3598 1165 3602 ἢ
1262 3619 1398 3707 ⁸Et
1432 3618 1696 3706 samae
1756 3611 2132 3735 pondus,
2186 3622 2378 3707 ‘caeli
2435 3618 2899 3704 cuicultor
2958 3626 3222 3708 eremi

1024 4102 1209 4185 610.

1283 3782 1428 3869 Ille
1479 3785 1888 3895 interpres
1953 3782 2461 3878 habebatur,
2518 3782 2647 3864 vir
2706 3779 3083 3884 sanstus,
3121 3787 3208 3871 &
3284 3723 3610 3889 insnum

1255 3944 1625 4058 Quique
1682 3944 2024 4032 lacessiti
2072 3967 2388 4032 temere
2442 3964 2610 4030 tam
2641 3943 2875 4025 caede
2921 3945 3327 4052 nefanda,
3410 4025 3413 4028 .

1289 4104 1683 4197 Criminis
1729 4111 2044 4199 ultores
2101 4114 2193 4200 in
2240 4129 2610 4223 apertam
2658 4104 3155 4196 seditionem
