4325 5495
972 546 1136 622 „4
1768 491 2977 618 JOANNIDOS

1213 717 1414 828 ‘Jam
1452 741 1673 803 nunc
1708 714 1815 800 de
1834 712 2149 800 famulo
2172 710 2443 799 astum
2464 710 2622 810 est,
2678 711 3271 823 Dominusque
3291 707 3682 826 sequetur

1115 926 1124 930 ·
1235 875 1414 988 Ipse
1485 877 1744 963 brevi.
1857 875 2117 961 Simul
2177 874 2264 960 &
2321 873 2641 959 sudaria
2700 871 2953 957 tinfla
3011 897 3315 960 cruore

1237 1037 1604 1128 Protulit
1656 1043 1740 1125 in
1798 1039 2076 1124 lucem
2133 1037 2414 1134 sacro,
2472 1034 2555 1120 δι
2608 1034 2876 1145 Ροιτὸ
2931 1035 3350 1147 profatur:

1249 1200 1373 1286 Ut
1442 1202 1681 1298 veni,
1736 1199 1955 1299 vidi,
2024 1199 2220 1286 vici.
2322 1197 2916 1283 'obtruncatus
3005 1201 3258 1285 arena

1025 1373 1171 1438 20.
1249 1361 1728 1449 Praecursor
1802 1380 2023 1469 Jacet
2094 1363 2187 1446 in
2257 1359 2568 1446 media.
2667 1354 3047 1445 Vifioria
3102 1358 3378 1447 nostra
3434 1360 3580 1451 est.

1246 1524 1435 1621 Sic,
1491 1523 1599 1608 fic
1634 1523 2013 1611 hauritur
2069 1503 2440 1631 sanguiS‚
2497 1546 2672 1634 quo
2728 1519 3108 1607 seditiosa

1240 1685 1531 1771 Febris
1582 1685 1719 1784 ali,
1786 1686 1869 1772 δι
1934 1705 2120 1772 toto
2181 1682 2543 1769 diffundi
2603 1708 2965 1794 corpore
3036 1685 3342 1798 postet!

1242 1845 1776 1961 Principibus
1836 1849 2127 1959 templi
2185 1867 2459 1957 grate-s
2516 1844 2848 1955 Regina
2903 1849 3292 1960 rependit

1247 2007 1421 2094 Pro
1469 2011 1698 2119 vigili
1745 2014 1986 2096 cura:
2041 2011 2501 2122 iudiciique
2548 2007 2640 2091 id
2689 2007 2795 2092 ad
2842 2008 3088 2096 instar
3147 2004 3494 2095 habebit

1033 2201 1172 2277 ις.
1254 2171 1634 2260 Αέἷειὲὶιῖιε
1681 2173 1768 2257 in
1822 2173 1906 2259 se
1953 2173 2246 2272 vestri,
2295 2172 2725 2284 Regisque
2769 2169 3153 2267 salutem,

1248 2331 1793 2450 Herodisque
1865 2332 2253 2447 potestati
2330 2360 2481 2420 vos
2540 2332 2805 2420 fidere
2852 2332 3211 2423 mandat.

1253 2495 1340 2579 Si
1408 2497 1618 2610 quid
1678 2502 1768 2584 in
1831 2519 2369 2608 augmentum
2434 2494 2681 2583 vestri
2742 2492 3095 2583 solerter
3151 2498 3496 2586 honoris

1199 2655 1514 2763 ‚Poffit
1560 2658 1781 2771 apud
1832 2659 2202 2770 Regemz
2263 2657 2574 2772 cupide
2626 2656 2713 2741 id
2759 2656 3138 2771 praestare
3201 2679 3568 2772 paratam

1255 2818 1363 2903 Se
1409 2820 1596 2904 fore
1645 2823 2063 2933 promifit,
2112 2823 2199 2907 δε
2249 2825 2336 2906 in
2382 2819 2767 2906 omnibus
2822 2818 3336 2919 officiosamz

1040 3023 1180 3097 30,
1257 2976 1565 3066 Invisus
1612 2980 1899 3073 Mitrae
1947 2987 2322 3098 quamvis
2371 2985 2745 3094 ringatur
2794 2985 3132 3072 Amnis·

1367 3138 1601 3226 Tum
1666 3148 1952 3231 retulit
2017 3146 2453 3244 choream,
2527 3145 2614 3230 δε
2662 3145 2948 3230 natali-s
2997 3146 3296 3256 gaudia
3342 3147 3573 3251 fessi,

1253 3301 1803 3418 Herodisque
1867 3306 2143 3393 hilari-s
2194 3306 2804 3417 jusjurandum,
2839 3324 3092 3420 atque
3126 3307 3496 3399 Salomes

1137 3568 1142 3575 ο
1250 3462 1737 3575 Ingenium,
1788 3494 1882 3552 ac
1921 3469 2207 3569 doteS,
2258 3467 2900 3581 Herodiadique
2947 3466 3224 3560 fuiss'et

1256 3624 1435 3738 Ipse
1488 3627 1580 3712 ht
1632 3630 2023 3730 consilio,
2072 3634 2321 3718 tantis
2371 3632 2459 3717 in
2535 3630 2791 3716 rebus
2844 3634 3234 3742 agendi8‚

1052 3818 1187 3896 35.
1266 3786 1378 3872 Et
1409 3787 1576 3874 sese
1624 3790 1728 3875 ad
1777 3811 2141 3876 mortem
2189 3791 2588 3899 Sylvanus
2637 3791 2729 3876 ht
2779 3793 2919 3876 ille
2963 3817 3315 3903 pararet.
3402 3889 3419 3895 ,

1256 3943 1491 4031 Tum
1539 3949 2022 4037 decurriffet
2074 3951 2325 4040 nostu
2374 3972 2588 4066 quot
2636 3954 2891 4038 millia
2940 3982 3230 4044 currus

1258 4103 1423 4200 Per
1482 4135 1872 4214 nemora,
1937 4118 2021 4209 &
2069 4115 2411 4205 salebras
2426 4172 2456 4217 ‚
2506 4142 2655 4229 per
2687 4106 3332 4225 invia,.&'avia,
3378 4125 3679 4226 colles,

3459 4285 3691 4372 Τεει
