4325 5495
942 545 1132 628 ιω·
1748 490 2989 644 JoANNmos·

1216 735 1744 827 Monstrabat
1797 737 2204 849 speciem,
2241 724 2722 844 impressum
2752 751 3105 840 quoque
3138 739 3454 808 nomen
3480 715 3679 829 Jesu
3712 769 3713 772 κ

1228 901 1660 986 Attollens
1713 900 2133 996 manibus»,
2192 892 2550 1006 greffum
2610 916 2815 976 mox
2872 889 3056 975 fixit
3115 888 3203 972 in
3287 883 3445 972 isto

951 1079 1136 1163 505.
1235 1055 1631 1146 Umbroii
1685 1062 2051 1146 nemoris
2122 1059 2415 1172 spatie.
2526 1053 2880 1140 Circum
2952 1049 3330 1162 undique
3402 1044 3572 1133 late

1221 1219 1764 1334 Quicumque
1822 1221 2252 1317 errabant,
2309 1218 2474 1302 huc
2535 1213 3031 1302 confluxere
3093 1214 3354 1300 citati.

1210 1381 1443 1470 Mox
1499 1382 2188 1470 exultantum‘ad
2245 1381 2605 1477 sonitus,
2668 1379 2755 1465 δε
2815 1379 3035 1463 clara
3094 1373 3503 1489 triumphi

1214 1544 1532 1629 Indicia
1588 1601 1618 1641 ,
1679 1543 1990 1631 inferni
2027 1541 2604 1629 ‘monstrorum
2654 1542 2908 1625 turba
2967 1539 3344 1627 cavernis

1218 1704 1609 1819 Erumpit
1667 1706 1871 1807 sese,
1928 1704 2477 1821 frendetque,
2536 1705 3459 1819 rugitquemlulatque,

956 1904 1146 1984 510.
1226 1868 1672 1980 Ringitur,
1732 1871 1818 1957 &
1875 1872 2238 1983 spumat,
2311 1870 2820 1982 dentemque
2877 1869 2965 1953 in
3023 1868 3280 1956 dente
3334 1863 3674 1974 fatigat,

1225 2032 1426 2118 Non
1494 2035 1809 2145 sperata
1882 2059 2189 2145 pavens
2264 2031 2542 2117 subitb
2602 2031 2707 2115 ad
2764 2029 3206 2143 spestacla:
3266 2027 3610 2117 videbat

1227 2194 1562 2307 Nempe
1614 2195 2115 2282 subobscura
2172 2197 2540 2280 nemoris
2597 2194 2948 2279 laetantis
3005 2196 3094 2279 in
3151 2193 3450 2281 umbra

1229 2354 1571 2444 Summa
1640 2360 1729 2442 in
1784 2356 2065 2444 fronte
2122 2327 2444 2451 micans
2497 2357 2783 2466 sydus,
2825 2359 3258 2471 velutique
3294 2380 3668 2471 pyropus

1230 2514 1666 2605 Exardens
1722 2522 2052 2622 rutilat,
2108 2522 2347 2608 fulvo
2404 2518 2973 2607 circumdatus
3030 2548 3263 2634 auro.

974 2735 1158 2816 5¹5·
1240 2678 1578 2791 Spestra
1648 2682 1876 2796 prius
1933 2684 2252 2772 rabidas
2310 2684 2527 2771 adeb
2586 2680 3074 2770 efferventia
3132 2686 3219 2768 in
3276 2685 3484 2784 iraS,

1238 2841 1722 2956 Diffugiunt
1780 2845 2100 2933 diversa
2155 2850 2366 2935 locis
2426 2874 2580 2960 per
2651 2874 2908 2959 opaca
2979 2849 3304 2932 viarum

1239 3007 1469 3114 Agni
1541 3008 1648 3092 ad
1704 3008 2278 3120 conspeeturm
2340 3012 2426 3097 δε
2477 3010 2673 3121 Jesu
2729 3010 3201 3095 venerabile
3257 3034 3571 3096 nomen
3668 3056 3673 3063 -

1250 3167 1388 3251 Ad
1423 3167 1701 3281 Styga.
1810 3170 2008 3254 Non
2065 3173 2304 3258 aliter
2364 3170 3682 3288 quamturbacruentaluporum,

1243 3328 1530 3422 Pastor
1587 3330 1677 3417 ut
1735 3332 2131 3442 evigilans
2189 3337 2633 3447 praedones
2694 3362 2955 3431 voce,
3009 3333 3410 3450 pedoque

915 3566 918 3569 <
985 3549 1172 3625 520·
1255 3492 1691 3593 Strenuus,
1749 3496 2376 3615 impavidusque
2429 3500 2578 3584 suo
2637 3498 2981 3608 depellit
3039 3499 3285 3598 ovili,

1251 3654 1736 3767 Diffugiunt
1807 3659 2074 3744 rabidi
2146 3664 2311 3759 ira,
2358 3660 3030 3776 mandibulasque
3086 3682 3562 3760 moventeS,

1249 3816 1930 3937 Frendentesque
1985 3822 2314 3918 furore,
2370 3823 2597 3945 suam
2640 3826 2858 3926 inter
2918 3853 3159 3911 crura
3197 3827 3681 3927 retrastam,

1252 3977 1416 4089 Spe
1470 3983 1702 4093 lapsi,
1766 4012 2018 4070 rauco
2075 3986 2404 4094 lingunt
2463 4012 2657 4069 cum
2716 4012 3142 4075 murmure
3194 3991 3571 4075 caudam.

1360 4141 1561 4253 Quo
1631 4150 1981 4235 meliore
2054 4148 2317 4263 modo
2395 4150 2819 4250 evolvam,
2879 4152 3270 4240 exaltarit
3321 4154 3413 4243 ut
3461 4157 3680 4241 ultra
3744 4204 3751 4209 -

3469 4318 3688 4409 Om-
