4325 5495
962 551 1073 628 24
1666 520 2858 635 J'OANNI‘DOS

1223 725 1458 811 Ante
1518 752 1674 811 nec
1723 754 2062 812 arcanas
2109 725 2492 839 profudit
2552 724 2897 838 pectore
2952 751 3208 811 voces

1224 885 1645 973 Fatidicus
1695 889 2070 983 Samuel-3
2132 890 2388 1001 quam
2424 885 2675 998 stirps
2700 884 3073 973 Hebraea
3091 887 3473 992 vide-ret,'

1223 1045 1448 1132 Istud
1494 1076 1707 1134 onus
1755 1049 2066 1161 placito
2113 1047 2282 1131 sese
2335 1044 2818 1157 affumpfiffe
2862 1047 3265 1159 superno:

1224 1204 1659 1322 Huncque
1689 1208 1913 1320 prius
1948 1228 2335 1320 gererent
2365 1205 2653 1292 sterilis
2691 1210 2946 1323 quam
2978 1209 3290 1294 viscera
3326 1221 3661 1324 matrisg

954 1406 1148 1485 505,
1230 1367 1587 1456 Audivit
1644 1370 2013 1457 sobolem
2081 1370 2228 1454 fibi
2274 1367 2521 1455 foelix
2571 1372 2816 1455 Anna
2862 1369 3276 1470 futuram,

1225 1527 1442 1638 Quae
1495 1533 1629 1643 pia
1683 1532 2148 1644 priscorum
2196 1530 2532 1641 vestigia
2575 1530 2804 1643 pone
2856 1532 3178 1629 secuta,

1227 1688 1463 1778 Labe
1521 1718 2061 1805 repurgatum
2106 1696 2203 1777 in
2260 1692 2553 1776 melius
2612 1713 3162 1804 componeret
3220 1693 3548 1788 orbem.‘

1221 1851 1637 1967 Alloquio
1695 1853 2037 1964 dignata
2089 1852 2295 1951 Dei,
2349 1852 2907 1964 precibusque
2954 1854 3337 1943 ministris

1220 2012 1576 2101 AEthera
1619 2016 2199 2102 transcendens
2243 2016 2501 2125 pietas
2548 2012 2893 2100 infracta
2934 2013 3325 2122 JoanniS,

955 2219 1147 2298 5⁸0·
1225 2174 1528 2261 Omnia
1572 2178 1936 2264 sollicito
1980 2175 2417 2262 libramine
2462 2197 2842 2287 tempora
2890 2179 3227 2285 pensan

1231 2339 1862 2453 Ardentemque
1911 2334 2097 2425 Viri
2145 2337 2422 2424 zelum
2469 2335 2637 2421 soia
2682 2335 2827 2420 ista
2871 2360 3348 2427 morantur:

1221 2501 1423 2613 Quo
1472 2502 1613 2586 sua
1659 2500 2038 2585 divinum
2083 2498 2496 2584 stimulans
2541 2496 3006 2608 praecordia
3049 2499 3389 2586 Numen

1206 2660 1588 2771 Jufferit,
1645 2689 1755 2747 ex
1808 2682 2056 2745 utero
2109 2658 2412 2744 Matris
2466 2658 2848 2757 decreta,
2904 2658 3177 2744 subire

1212 2821 1541 2908 Munia.
1654 2824 1852 2911 Non
1898 2823 2089 2906 alias
2141 2822 2382 2905 valeo
2429 2819 3040 2931 comprendere
3087 2823 3397 2910 causas,

949 3014 1150 3096 515,
1217 2979 1667 3096 Temporis
1714 2981 1918 3093 ergo
1969 3007 2238 3066 moras
2282 2990 2603 3092 patere!
2665 2980 2775 3066 Et
2821 2979 3160 3093 filonga
3211 2958 3641 3072 morarum

1214 3140 1515 3228 Taedia
1576 3147 2113 3239 continuent3
2191 3143 2280 3226 id
2342 3141 2618 3226 forsan
2661 3140 2937 3228 nostra
2984 3165 3368 3229 meretur

1202 3305 1623 3416 Impietas,
1689 3303 2000 3389 Tacui-t
2044 3303 2230 3416 post
2269 3304 2465 3388 tali-a
2515 3300 2733 3392 dista
2778 3304 3170 3393 Senator:

1209 3463 1781 3590 Promiss'aque
1820 3465 2032 3562 fide,
2092 3491 2201 3548 ne
2247 3465 2674 3577 quisquam
2708 3491 2802 3550 ea
2853 3464 3069 3552 dicia
3104 3468 3469 3568 revelet,

1310 3627 1712 3740 'Upietate
1759 3627 2036 3712 Deum
2084 3625 2503 3724 colerent,
2558 3626 2643 3710 &
2688 3628 3009 3737 sempe-r
3056 3626 3374 3723 anheli;
3441 3645 3448 3652 ·

943 3836 1136 3914 520,
1210 3791 1517 3878 Donec
1565 3790 1666 3874 ab
1714 3786 2048 3872 excelsis
2096 3788 2241 3870 lux
2291 3807 2682 3899 exoptata
2724 3788 3117 3888 micaret,
3190 3835 3196 3843 ·

1202 3956 1492 4061 Atque
1539 3951 1655 4032 ita
1697 3948 2091 4036 secedunt
2138 3948 2400 4032 multa
2439 3948 2582 4059 spe
2627 3945 2962 4056 pectora
3009 3950 3269 4060 pleni:

1192 4110 1313 4203 Et
1342 4109 1672 4200 Vatum
1712 4110 2096 4199 ardentes
2144 4107 2475 4197 oracula
2517 4125 2800 4196 mente
2844 4110 3250 4230 volutant,

3116 4361 3215 4412 ι·
3373 4265 3507 4358 In*
