4325 5495
709 1043 852 1151 30.

1311 531 1942 620 LIBER
2058 526 2836 620 SEXTvs.
3211 497 3423 631 145'

919 686 1269 852 Tesqua
1300 761 1456 849 per
1485 793 1514 837 ,
1566 737 1655 824 δε
1709 738 2010 836 valla,
2066 734 2261 823 laeta
2317 736 2498 824 haec
2532 764 2686 851 per
2704 729 3365 821 nunciasummis

921 898 1452 1013 Principibus
1510 897 1890 1009 gratandi
1947 921 2204 1006 ergo,
2258 894 2764 1014 illorumque
2799 895 3115 993 favori,
3166 912 3271 977 ut

937 1061 1046 1149 Se
1101 1062 1788 1151 commendatum
1842 1058 2126 1145 vellet.
2239 1056 2836 1168 Superacldidit
2870 1079 3199 1150 autem3

754 1292 759 1296 ,
923 1223 1015 1312 Si
1048 1227 1312 1315 visum
1332 1225 1490 1325 est,
1544 1223 1864 1320 PatreS,
1912 1220 2146 1331 Jesus
2205 1221 2579 1336 capiatur
2634 1242 2732 1309 ut
2792 1225 3085 1315 armisz

701 1870 848 1976 '45-

709 2717 843 2798 50.

704 3517 846 3598 55·

916 1383 1101 1500 Ipse
1170 1390 1261 1476 in
1293 1453 1300 1460 -
1333 1388 1618 1476 fronte
1692 1382 1991 1470 adero:
2053 1385 2320 1468 vitam
2376 1381 2575 1471 cum
2631 1386 3031 1498 sanguine
3090 1373 3372 1465 Mitra

909 1548 1305 1638 Fundam
1361 1577 1520 1663 pro
1578 1547 1875 1633 vestra.
1986 1544 2381 1630 Clament
2471 1547 2521 1630 ὲ
2597 1541 2829 1633 faecis
2873 1547 3197 1632 Idumae

918 1712 1317 1799 Colluvie
1376 1729 1777 1796 concreta
1827 1707 2140 1794 cohors
2195 1706 2441 1809 licet,
2499 1728 2870 1797 attamen
2902 1706 3136 1794 istam

927 1872 1215 1961 Gratis
1270 1874 1692 1984 accipiunt
1748 1869 2099 1970 famam,
2156 1869 2613 1987 plausuque
2681 1869 3087 1961 secundo.

912 2036 1242 2126 Invidia
1295 2036 1640 2150 plenum
1697 2053 1780 2119 at
1835 2046 2281 2146 reputant,
2338 2034 2451 2120 fic
2523 2037 2891 2148 prodere
2969 2031 3263 2124 coram

865 2190 1228 2299 mehe,
1279 2198 1785 2284 Sacerdotes
1855 2194 2025 2282 sese
2087 2195 2556 2284 immiscere
2628 2201 3023 2311 gerendis

914 2362 1088 2451 His
1143 2362 1417 2451 rebus,
1532 2358 1899 2447 Gratum
1952 2356 2098 2444 sed
2157 2378 2339 2444 erat
2396 2359 2762 2450 latuisset
2820 2366 2910 2448 in
2943 2361 3133 2449 auli

905 2524 1182 2639 Quod
1230 2526 1644 2624 secretuS,
1703 2521 1785 2608 δι
1852 2523 1902 2607 ὁ,
1955 2522 2236 2610 menia
2287 2522 2373 2608 se
2425 2520 3026 2621 continuiffetz

922 2689 1059 2778 Ne
1114 2689 1578 2786 DominOS,
1636 2688 1686 2773 a
1741 2688 1980 2801 queis
2037 2686 2359 2797 legatus
2446 2710 2789 2777 venerat
2891 2689 3140 2786 illuc,

920 2850 1364 2938 Proderet.
1476 2850 1599 2935 At
1657 2849 1996 2935 censent
2053 2847 2571 2950 consultum,
2628 2850 3076 2939 Praefidem
3110 2846 3373 2962 utipfi

912 3013 1205 3128 Hujus
1263 3031 1859 3101 commoneant
1912 3009 2157 3109 fafii3
2194 3010 2276 3099 se
2307 3012 2526 3097 fama
2558 3016 3033 3131 priusquam

912 3179 1262 3268 Publica
1320 3174 1732 3263 diffundat
1789 3174 1983 3259 late.
2040 3175 2185 3260 Ad
2241 3179 2644 3263 Praetoria
2717 3176 3027 3289 greffus

915 3340 1150 3452 Ergo
1209 3339 1538 3438 ferunt,
1593 3337 2171 3451 scanduntque
2207 3341 2517 3451 gradus
2557 3343 2966 3451 gravitate
2999 3339 3361 3425 decente

925 3500 1508 3597 Marmoreos,
1567 3499 1918 3584 Malcho
1977 3500 2396 3590 Dominos
2454 3524 2889 3613 praeeunte
2943 3502 3357 3603 ministre,

913 3660 1525 3776 Exploratum,
1595 3684 1698 3744 an
1760 3662 2030 3749 multo
2101 3683 2271 3748 tam
2346 3640 2587 3749 mane
2644 3637 3011 3750 Pilatum

917 3822 1189 3911 Affari
1246 3849 1602 3908 vacuum
1676 3819 1800 3909 fit.
1912 3825 2142 3913 Duci
2200 3852 2404 3911 mox
2453 3823 2689 3934 jubet
2747 3825 2889 3911 ille

912 3984 1133 4072 Intra
1191 3984 1407 4073 tecla
1465 3986 2015 4086 Sacerdotes;
2079 3990 2372 4103 illique
2430 3987 2934 4099 sequuntur:
3044 3994 3049 4001 ’

914 4145 1126 4259 Quo,
1173 4146 1704 4238 deducuntur
1759 4150 2166 4237 famulatu
2227 4132 2605 4237 Pr'aefidis
2665 4150 2916 4239 aulae:

1984 4304 2078 4392 T
2669 4409 2685 4423 .
2946 4317 3080 4399 60.
3153 4309 3373 4399 Pon·
