4325 5495
1283 546 2918 671 LIBER-QUARTUS
3310 583 3420 667 97

710 747 760 808 :·
947 754 1337 847 ‘Ardenti
1407 756 1595 844 zelo
1629 776 1638 777 *
1671 754 1993 841 cultum
2048 756 2325 867 arguit
2382 755 2520 841 iile
2591 757 3020 858 Deorum,

699 921 770 1007 4³
863 946 868 955 ·
954 917 1084 1006 Et
1140 919 1477 1008 furiatae
1534 922 1694 1005 iras
1753 918 2082 1031 fugiens
2134 915 2538 1028 jesabelis
2597 918 2928 1005 Achabi

965 1078 1328 1170 Delituit
1387 1080 1794 1197 specubus
1821 1139 1850 1182 ,
1905 1078 2311 1195 vivusque
2366 1078 2730 1192 sepultus
2786 1085 2874 1169 in
2945 1100 3227 1185 antro,

626 1369 630 1374 ,
965 1245 1488 1359 ΔηεεῙίοῆνε
1544 1271 1836 1346 manu,
1883 1269 2264 1334 cot-vove
2333 1245 2721 1334 alimenta
2776 1246 3159 1334 ferente.'

691 1428 896 1529 ³²40·
973 1405 1110 1497 Sic
1168 1434 1333 1524 ego
1391 1408 1733 1511 delitui,
1794 1433 1994 1496 cum
2050 1406 2305 1494 Patre
2360 1406 2726 1521 sepultus
2782 1412 2871 1496 in
2901 1430 3186 1512 antro,

969 1568 1221 1659 Pufio
1240 1572 1516 1660 adhuc
1544 1600 1565 1657 t
1588 1573 1792 1659 mihi
1811 1570 1954 1658 ubi
1971 1595 2316 1684 quoque
2333 1569 2636 1659 detulit
2654 1571 3027 1682 Angelus
3048 1573 3275 1658 escas
3296 1601 3317 1658 :

923 1730 1194 1819 ‘cum
1249 1752 1440 1820 tuus
1498 1734 1895 1823 Herodes
1947 1732 2202 1820 Pater
2261 1732 2723 1849 iratusque,
2778 1731 3227 1848 furensque

953 1896 1166 1984 Non
1219 1900 1520 1987 metuit
1578 1899 1767 1987 dito
1823 1922 2273 2013 puerorem
2329 1898 2628 1985 tollere
2699 1895 2926 1982 ferro

965 2057 1442 2149 Innumeras
1500 2064 1845 2149 animas:
1921 2082 2268 2173 cuperet
2324 2061 2528 2148 dum
2594 2059 2951 2170 perdere
3023 2060 3407 2173 Regem,

690 2223 895 2326 2245.
972 2220 1108 2311 Ex
1165 2227 1486 2311 oriente
1542 2225 1907 2311 habuere
1962 2220 2207 2334 Magi
2263 2248 2517 2336 quem
2572 2224 2894 2311 summo
2930 2223 3403 2319 inhonore,

960 2388 1052 2472 In
1091 2386 1251 2473 -vili
1306 2410 1807 2503 quamquam
1861 2382 2203 2473 stabulo,
2317 2383 2483 2472 Sed
2540 2385 2832 2473 cunfla
2888 2382 3392 2471 Gubernans

962 2545 1364 2638 Eradioe
1419 2548 1701 2638 Dav-id
1755 2549 2186 2648 sobolem,
2240 2574 2409 2637 non
2471 2574 2729 2662 regna
2785 2567 3219 2662 parantem

961 2706 1398 2817 Terrena,
1444 2736 1585 2802 aut
1641 2715 1985 2828 sceptris
2043 2712 2543 2811 inhiantem,
2613 2709 2927 2798 sustulit
2997 2712 3173 2797 irae.

964 2872 1198 2976 Hic,
1264 2878 1638 2990 patiendi
1709 2901 1969 2988 ergo,
2029 2876 2416 2961 mortales
2473 2875 2744 2961 induit
2804 2894 3077 2973 artu33

693 3068 896 3144 250.
976 3037 1538 3154 Delapsusque
1595 3039 1770 3124 smu
1829 3041 1878 3127 ὲ
1938 3038 2249 3137 Patris,
2316 3034 2741 3122 submissus
2811 3037 3170 3125 honorat

962 3200 1234 3292 Patris
1283 3200 1486 3312 jussa
1538 3202 1707 3303 sui,
1762 3200 1867 3288 ad
1921 3221 2288 3289 mortem
2347 3202 2576 3313 pius,
2634 3221 2883 3314 atque
2939 3203 3235 3288 fidelis,

952 3365 1134 3480 {pse
1148 3427 1175 3466 ,
1195 3368 1386 3455 Deo
1406 3365 1836 3455 obstrifius
1852 3389 2048 3462 ,nec
2066 3365 2476 3451 honorem
2501 3422 2524 3463 ‚
2539 3387 2676 3452 aut
2696 3367 3031 3477 praemia
3048 3388 3340 3475 quaero
3360 3415 3391 3459 ,

963 3526 1146 3617 Nec
1169 3529 1502 3642 quidvis
1524 3526 2030 3641 aliud,quam
2048 3525 2152 3612 ad
2174 3553 2366 3613 eum
2386 3527 2815 3614 dimittere
2833 3525 3395 3630 turbas‚(que,·

961 3686 1456 3807 Testarique
1473 3691 1740 3803 palam
1761 3688 2829 3805 ,illuminl’ontificemquffi
2844 3684 3391 3799 Prophetam-
3472 3761 3475 3764 .

697 3862 809 3941 25
816 3860 863 3942 5
870 3897 891 3922 ·
968 3851 1079 3941 Et
1094 3854 1424 3966 Regem
1443 3849 1603 3938 effe
1624 3849 1988 3952 anetum,
2007 3854 2092 3938 &
2109 3848 2372 3938 modo
2390 3850 2473 3935 se
2492 3852 2871 3963 praebere
2886 3846 3340 3934 videndum
3360 3903 3388 3946 ,

946 4014 1408 4129 Quemque
1464 4041 1762 4100 cruore
1819 4016 1968 4100 suo
2024 4036 2118 4101 ut
2174 4017 2393 4125 piet,
2426 4036 2678 4125 atque
2714 4012 3119 4126 placentia
3150 4009 3387 4097 Patri

960 4173 1384 4274 Edoceat,
1436 4175 2000 4287 Regnumque
2060 4198 2469 4263 aeternum
2528 4195 2618 4264 ut
2666 4174 2980 4266 condat
3037 4180 3128 4264 in
3180 4170 3377 4285 ipfis

2043 4337 2130 4426 N
3168 4333 3392 4421 Cor-
