4325 5495
984 553 1101 608 n
1789 511 3000 629 JOANNIDOS

1263 723 1406 811 Est
1460 720 1702 807 enixa
1750 719 2100 806 Rachel.
2208 717 2372 803 Per
2418 718 2963 833 quadraginta
3018 736 3338 829 vagatae

1262 886 1406 974 Bis
1455 883 1672 969 senae
1725 884 2112 967 errave-re
2144 881 2507 970 T·ribus;
2566 880 2975 967 Cananaea
3020 870 3500 994 priusquam

1255 1047 1496 1136 Ditia
1566 1041 1941 1154 promiffi
2002 1044 2472 1151 tetigerunt
2542 1068 2738 1125 rura
2805 1041 3131 1127 coloni.

993 1239 1185 1319 455.
1267 1204 1531 1291 Hunc
1581 1206 1832 1290 etiam
1882 1204 2248 1317 prudens
2293 1202 2566 1290 servat
2614 1224 2908 1289 natura
2960 1222 3377 1289 tenorem.

1262 1363 1619 1450 Sustinet
1676 1365 2152 1452 innumeras
2204 1365 2542 1479 hyemes
2575 1423 2601 1464 ,
2660 1367 2747 1452 δε
2805 1362 3109 1461 flabra,
3166 1363 3656 1475 priusquam

1252 1527 1652 1615 Surculus
1702 1525 2178 1626 excrescat,
2232 1528 2807 1642 quantumque
2857 1527 3288 1614 cacumine
3335 1524 3597 1611 nubes

1255 1688 1568 1787 Irritat,
1639 1689 1960 1775 tantum
2013 1688 2301 1774 radice
2354 1692 2439 1774 in
2496 1711 2801 1775 tartara
2849 1688 3168 1775 tendat.

1254 1849 1508 1934 Tunc
1568 1849 1918 1935 cedrum
1972 1856 2345 1935 vocitare
2402 1851 2648 1945 licet;
2715 1852 2854 1955 cui
2910 1851 3196 1960 faguS,
3253 1847 3340 1934 δι
3415 1847 3588 1940 ilex

990 2010 1179 2115 460.
1261 1985 1456 2096 Non
1518 2009 1783 2121 spatio
1840 2014 2122 2096 invitoe
2184 2012 2526 2100 cedunt.
2641 2011 2753 2101 Et
2811 2012 3222 2098 mensibus
3281 2009 3525 2096 orbes

1254 2171 1500 2257 Luna
1552 2194 1848 2283 quater
1908 2175 2166 2257 ternis
2224 2172 2345 2259 bis
2407 2175 2645 2262 senos
2703 2174 3000 2260 ordine
3058 2170 3458 2283 complet.

1259 2339 1375 2421 At
1451 2334 1705 2425 semel
1763 2333 2212 2419 aetheream
2271 2335 2593 2420 tantum
2654 2338 3184 2444 circumvaga
3237 2331 3549 2419 molem
3695 2450 3699 2457 ι

1250 2497 1531 2579 Aurea
1589 2494 1736 2578 lux
1790 2493 1978 2577 solis
2039 2495 2514 2579 revolutum
2568 2495 2894 2608 perficit
2951 2492 3276 2578 orbem.

1253 2655 1537 2770 Quam
1599 2655 1802 2740 vero
1862 2655 2143 2740 lumen
2201 2654 2345 2740 fax
2399 2656 2673 2740 debile
2731 2655 3146 2740 menstrua
3204 2652 3569 2766 spargit?⁸

991 2805 1179 2906 4⁶5·
1259 2815 1545 2925 Quam
1606 2817 1838 2902 rutili
1897 2820 2198 2901 contra
2253 2818 2489 2916 solis,
2546 2817 2969 2932 validique
3044 2815 3412 2899 calores?

1258 2975 1557 3086 Qualia
1632 2977 2012 3071 vivificus
2070 2978 2256 3061 loca
2312 3002 2464 3087 per
2523 2978 2892 3075 deserta,
2950 3002 3102 3087 per
3165 3002 3417 3086 agros

1251 3137 1398 3222 Sol
1469 3140 1754 3223 creat?
1821 3137 1897 3222 E
1960 3135 2252 3235 sterili,
2313 3141 2642 3253 qualem
2700 3166 2856 3224 nec
2912 3135 3191 3222 fabula
3245 3135 3586 3251 Tempe

1250 3294 1576 3405 Fingit,
1639 3299 1983 3382 humum
2040 3297 2533 3388 foecundam
2589 3299 2899 3397 herbis,
2964 3328 3060 3386 ac
3116 3298 3375 3383 ubere
3426 3299 3692 3407 glebae

1247 3455 1664 3544 Suscitat?
1717 3459 1811 3544 Id
1867 3458 2203 3571 Superis
2258 3461 2576 3571 placeat
2635 3459 2921 3547 modo.
3033 3459 3342 3546 Deficit
3401 3459 3630 3554 esca?

987 3618 1172 3696 470·
1248 3613 1394 3703 Ille
1456 3619 1710 3733 dapes
1768 3623 2233 3735 vinumque
2293 3649 2628 3722 recens„
2687 3627 2773 3708 &
2831 3647 3081 3735 poma
3136 3617 3581 3722 ministrat,

1250 3775 1777 3898 Eneciosque
1833 3781 2089 3879 fame,
2152 3804 2488 3871 ventres
2547 3811 2888 3900 quoque
2945 3782 3213 3894 replet
3271 3783 3580 3871 inanes.

1247 3934 1485 4044 Ergo
1545 3941 1717 4026 Dei
1770 3942 2082 4054 placito
2137 3961 2317 4027 rata
2373 3968 2756 4058 tempora
2815 3944 3091 4030 define
3148 3943 3493 4030 tandem

1244 4092 1522 4188 Lenta
1591 4104 1872 4216 queri,
1942 4099 2401 4196 Dominum
2473 4134 2680 4198 mox
2731 4105 3158 4197 laudature
3211 4106 3599 4214 fidelem,
3653 4071 3658 4078 ’

3492 4275 3694 4366 Hu-
